<record xmlns="http://www.loc.gov/MARC21/slim" xmlns:xsi="http://www.w3.org/2001/XMLSchema-instance" xsi:schemaLocation="http://www.loc.gov/MARC21/slim http://www.loc.gov/standards/marcxml/schema/MARC21slim.xsd"><leader>02000nam a2200445   4500</leader><controlfield tag="001">1879908</controlfield><controlfield tag="003">NIC</controlfield><controlfield tag="006">m        d        </controlfield><controlfield tag="007">cr cn |||m|||a</controlfield><controlfield tag="008">150116s1985    ua a    o     000 1 ara d</controlfield><datafield ind1=" " ind2=" " tag="020"><subfield code="z">9771240986</subfield></datafield><datafield ind1=" " ind2=" " tag="020"><subfield code="z">9789771240983</subfield></datafield><datafield ind1=" " ind2=" " tag="040"><subfield code="a">NNU</subfield><subfield code="b">eng</subfield><subfield code="e">rda</subfield><subfield code="c">NNU</subfield></datafield><datafield ind1=" " ind2="4" tag="050"><subfield code="a">PJ7826.H5</subfield><subfield code="b">A351 1985</subfield></datafield><datafield ind1="1" ind2=" " tag="100"><subfield code="6">880-01</subfield><subfield code="a">Ghi&#772;t&#803;a&#772;ni&#772;, Jama&#772;l.</subfield></datafield><datafield ind1="1" ind2="0" tag="245"><subfield code="6">880-02</subfield><subfield code="a">Ah&#803;ra&#772;sh al-madi&#772;nah /</subfield><subfield code="c">Jama&#772;l al-Ghi&#772;t&#803;a&#772;ni&#772;.</subfield></datafield><datafield ind1=" " ind2=" " tag="260"><subfield code="6">880-03</subfield><subfield code="a">[Cairo] :</subfield><subfield code="b">Akhba&#772;r al-yawm,</subfield><subfield code="c">1985.</subfield></datafield><datafield ind1=" " ind2=" " tag="300"><subfield code="a">online resource (158 pages) :</subfield><subfield code="b">illustrations</subfield></datafield><datafield ind1=" " ind2=" " tag="336"><subfield code="a">text</subfield><subfield code="2">rdacontent</subfield></datafield><datafield ind1=" " ind2=" " tag="337"><subfield code="a">computer</subfield><subfield code="2">rdamedia</subfield></datafield><datafield ind1=" " ind2=" " tag="338"><subfield code="a">online resource</subfield><subfield code="2">rdacarrier</subfield></datafield><datafield ind1="1" ind2=" " tag="490"><subfield code="6">880-04</subfield><subfield code="a">Kita&#772;b al-yawm ;</subfield><subfield code="v">al-&#699;adad 240</subfield></datafield><datafield ind1=" " ind2=" " tag="500"><subfield code="a">Part of the Arabic Collections Online (ACO) project, contributed by Cornell University Libraries.</subfield></datafield><datafield ind1=" " ind2=" " tag="533"><subfield code="a">Electronic reproduction.</subfield><subfield code="b">New York, N.Y. :</subfield><subfield code="c">New York University,</subfield><subfield code="d">2015.</subfield><subfield code="5">NNU</subfield></datafield><datafield ind1=" " ind2="0" tag="650"><subfield code="a">Short stories, Arabic</subfield><subfield code="y">1950-</subfield></datafield><datafield ind1=" " ind2="7" tag="650"><subfield code="a">Short stories, Arabic.</subfield><subfield code="2">fast</subfield><subfield code="0">(OCoLC)fst01117086</subfield></datafield><datafield ind1=" " ind2="7" tag="648"><subfield code="a">Since 1950</subfield><subfield code="2">fast</subfield></datafield><datafield ind1="2" ind2=" " tag="710"><subfield code="a">Cornell University.</subfield><subfield code="b">Libraries.</subfield></datafield><datafield ind1="0" ind2=" " tag="730"><subfield code="a">Arabic Collections Online.</subfield></datafield><datafield ind1="0" ind2="8" tag="776"><subfield code="i">Online version:</subfield><subfield code="a">Ghi&#772;t&#803;a&#772;ni&#772;, Jama&#772;l.</subfield><subfield code="t">Ah&#803;ra&#772;sh al-madi&#772;nah.</subfield><subfield code="d">[Cairo] : Akhba&#772;r al-yawm, 1985</subfield><subfield code="w">(OCoLC)551325833</subfield></datafield><datafield ind1="0" ind2="8" tag="776"><subfield code="i">Print version:</subfield><subfield code="a">Ghi&#772;t&#803;a&#772;ni&#772;, Jama&#772;l.</subfield><subfield code="t">Ah&#803;ra&#772;sh al-madi&#772;nah</subfield><subfield code="w">(NIC)1879908</subfield><subfield code="w">(OCoLC)13115487</subfield><subfield code="z">9771240986</subfield><subfield code="z">9789771240983</subfield></datafield><datafield ind1=" " ind2="0" tag="830"><subfield code="6">880-05</subfield><subfield code="a">Kita&#772;b al-yawm ;</subfield><subfield code="v">al-&#699;adad 240.</subfield></datafield><datafield ind1="4" ind2="0" tag="856"><subfield code="u">http://hdl.handle.net/2333.1/x0k6dmt3</subfield></datafield><datafield ind1="1" ind2=" " tag="880"><subfield code="6">100-01/r</subfield><subfield code="a">&#1594;&#1610;&#1591;&#1575;&#1606;&#1610;&#1548; &#1580;&#1605;&#1575;&#1604;.</subfield></datafield><datafield ind1="1" ind2="0" tag="880"><subfield code="6">245-02/r</subfield><subfield code="a">&#1571;&#1581;&#1585;&#1575;&#1588; &#1575;&#1604;&#1605;&#1583;&#1610;&#1606;&#1577; /</subfield><subfield code="c">&#1580;&#1605;&#1575;&#1604; &#1575;&#1604;&#1594;&#1610;&#1591;&#1575;&#1606;&#1610;.</subfield></datafield><datafield ind1=" " ind2=" " tag="880"><subfield code="6">260-03/r</subfield><subfield code="a">[&#1575;&#1604;&#1602;&#1575;&#1607;&#1585;&#1577;] :</subfield><subfield code="b">&#1571;&#1582;&#1576;&#1575;&#1585; &#1575;&#1604;&#1610;&#1608;&#1605;&#1548;</subfield><subfield code="c">1985.</subfield></datafield><datafield ind1="1" ind2=" " tag="880"><subfield code="6">490-04/r</subfield><subfield code="a">&#1603;&#1578;&#1575;&#1576; &#1575;&#1604;&#1610;&#1608;&#1605; &#1563;</subfield><subfield code="v">&#1575;&#1604;&#1593;&#1583;&#1583; 240.</subfield></datafield><datafield ind1=" " ind2="0" tag="880"><subfield code="6">830-05/r</subfield><subfield code="a">&#1603;&#1578;&#1575;&#1576; &#1575;&#1604;&#1610;&#1608;&#1605; &#1563;</subfield><subfield code="v">&#1575;&#1604;&#1593;&#1583;&#1583; 240.</subfield></datafield><datafield ind1=" " ind2=" " tag="959"><subfield code="a">NNU</subfield><subfield code="b">WEB</subfield><subfield code="c">GENI</subfield><subfield code="t">0</subfield><subfield code="m">Electronic access</subfield><subfield code="s">01</subfield></datafield><datafield ind1=" " ind2=" " tag="999"><subfield code="i">NIC_1879908</subfield><subfield code="o">(OCoLC)ocm13115487</subfield></datafield></record>